@inproceedings{mou16,
  title={Convolutional neural networks over tree structures for programming language processing},
  author={Mou, Lili and Li, Ge and Zhang, Lu and Wang, Tao and Jin, Zhi},
  booktitle={Thirtieth AAAI Conference on Artificial Intelligence},
  year={2016}
}

@inproceedings{white16,
  title={Deep learning code fragments for code clone detection},
  author={White, Martin and Tufano, Michele and Vendome, Christopher and Poshyvanyk, Denys},
  booktitle={2016 31st IEEE/ACM International Conference on Automated Software Engineering (ASE)},
  pages={87--98},
  year={2016},
  organization={IEEE}
}

@inproceedings{gu16,
  title={Deep API learning},
  author={Gu, Xiaodong and Zhang, Hongyu and Zhang, Dongmei and Kim, Sunghun},
  booktitle={Proceedings of the 2016 24th ACM SIGSOFT International Symposium on Foundations of Software Engineering},
  pages={631--642},
  year={2016}
}

@inproceedings{liu17,
  title={Nomen est omen: Exploring and exploiting similarities between argument and parameter names},
  author={Liu, Hui and Liu, Qiurong and Staicu, Cristian-Alexandru and Pradel, Michael and Luo, Yue},
  booktitle={Proceedings of the 38th International Conference on Software Engineering},
  pages={1063--1073},
  year={2016}
}

@article{amodio17,
  title={Neural attribute machines for program generation},
  author={Amodio, Matthew and Chaudhuri, Swarat and Reps, Thomas},
  journal={arXiv preprint arXiv:1705.09231},
  year={2017}
}

@article{patra16,
  title={Learning to fuzz: Application-independent fuzz testing with probabilistic, generative models of input data},
  author={Patra, Jibesh and Pradel, Michael},
  journal={TU Darmstadt, Department of Computer Science, Tech. Rep. TUD-CS-2016-14664},
  year={2016}
}

@inproceedings{gupta16,
  title={Deepfix: Fixing common c language errors by deep learning},
  author={Gupta, Rahul and Pal, Soham and Kanade, Aditya and Shevade, Shirish},
  booktitle={Thirty-First AAAI Conference on Artificial Intelligence},
  year={2017}
}
@article{bhatia16,
  title={Automated correction for syntax errors in programming assignments using recurrent neural networks},
  author={Bhatia, Sahil and Singh, Rishabh},
  journal={arXiv preprint arXiv:1603.06129},
  year={2016}
}

@inproceedings{bielik16,
  title={PHOG: probabilistic model for code},
  author={Bielik, Pavol and Raychev, Veselin and Vechev, Martin},
  booktitle={International Conference on Machine Learning},
  pages={2933--2942},
  year={2016}
}

@article{alon18,
  title={A general path-based representation for predicting program properties},
  author={Alon, Uri and Zilberstein, Meital and Levy, Omer and Yahav, Eran},
  journal={ACM SIGPLAN Notices},
  volume={53},
  number={4},
  pages={404--419},
  year={2018},
  publisher={ACM New York, NY, USA}
}

@inproceedings{ye2016,
  title={From word embeddings to document similarities for improved information retrieval in software engineering},
  author={Ye, Xin and Shen, Hui and Ma, Xiao and Bunescu, Razvan and Liu, Chang},
  booktitle={Proceedings of the 38th international conference on software engineering},
  pages={404--415},
  year={2016}
}
@inproceedings{nguyen17,
  title={Exploring API embedding for API usages and applications},
  author={Nguyen, Trong Duc and Nguyen, Anh Tuan and Phan, Hung Dang and Nguyen, Tien N},
  booktitle={2017 IEEE/ACM 39th International Conference on Software Engineering (ICSE)},
  pages={438--449},
  year={2017},
  organization={IEEE}
}
@article{mikolov,
  title={Efficient estimation of word representations in vector space},
  author={Mikolov, Tomas and Chen, Kai and Corrado, Greg and Dean, Jeffrey},
  journal={arXiv preprint arXiv:1301.3781},
  year={2013}
}
@article{allamanis, 
  title={A survey of machine learning for big code and naturalness},
  author={Allamanis, Miltiadis and Barr, Earl T and Devanbu, Premkumar and Sutton, Charles},
  journal={ACM Computing Surveys (CSUR)},
  volume={51},
  number={4},
  pages={1--37},
  year={2018},
  publisher={ACM New York, NY, USA}
}




@article{pradel2018deepbugs,
  title={DeepBugs: A learning approach to name-based bug detection},
  author={Pradel, Michael and Sen, Koushik},
  journal={Proceedings of the ACM on Programming Languages},
  volume={2},
  number={OOPSLA},
  pages={1--25},
  year={2018},
  publisher={ACM New York, NY, USA}
}

@article{li2019improving,
  title={Improving bug detection via context-based code representation learning and attention-based neural networks},
  author={Li, Yi and Wang, Shaohua and Nguyen, Tien N and Van Nguyen, Son},
  journal={Proceedings of the ACM on Programming Languages},
  volume={3},
  number={OOPSLA},
  pages={1--30},
  year={2019},
  publisher={ACM New York, NY, USA}
}
@inproceedings{hangal,
  title={Tracking down software bugs using automatic anomaly detection.},
  author={Hangal, Sudheendra and Monica S. Lam},
  booktitle={Proceedings of the 24th International Conference on Software Engineering(ICSE)},
  pages={291--301},
  year={2002},
  organization={IEEE}
  
}
@inproceedings{slidepradel,
author={Pradel,Michael and Sen, Koushik},
title={DeepBugs:Learning to Find Bugs},
year={2018}
}
